%!TEX root = main.tex

@inproceedings{csitool,
author = {Daniel Halperin and Wenjun Hu and Anmol Sheth and David Wetherall},
title = {{Predictable 802.11 Packet Delivery from Wireless Channel Measurements}},
booktitle = {ACM SIGCOMM'2010}
}

@inproceedings{Xie2015Precise,
  title={{Precise Power Delay Profiling with Commodity WiFi}},
  author={Xie, Yaxiong and Li, Zhenjiang and Li, Mo},
  booktitle={International Conference on Mobile Computing and Networking},
  pages={53-64},
  year={2015},
}

@article{Zhu:2018fc,
author = {Zhu, Hongzi and Zhuo, Yiwei and Liu, Qinghao and Chang, Shan},
title = {{$\pi$-Splicer: Perceiving Accurate CSI Phases with Commodity WiFi Devices}},
journal = {IEEE Transactions on Mobile Computing},
year = {2018},
pages = {1--1},
month = {jan}
}