%!TEX root = main.tex

@article{atheros_paper_magzine,
  title={Design and implementation of a CMOS 802.11n SoC},
  author={Sankaran, S. G and Zargari, M and Nathawad, L. Y and Samavati, H},
  journal={Communications Magazine IEEE},
  volume={47},
  number={4},
  pages={134-143},
  year={2009},
}

@INPROCEEDINGS{atheros_issc_papers, 
author={S. Abdollahi-Alibeik and D. Weber and H. Dogan and W. W. Si and B. Baytekin and A. Komijani and R. Chang and B. Vakili-Amini and M. Lee and H. Gan and Y. Rajavi and H. Samavati and B. Kaczynski and S. Lee and S. Limotyrakis and H. Park and P. Chen and P. Park and M. S. Chen and A. Chang and Y. Oh and J. J. Yang and E. C. Lin and L. Nathawad and K. Onodera and M. Terrovitis and S. Mendis and K. Shi and S. Mehta and M. Zargari and D. Su}, 
booktitle={2011 IEEE International Solid-State Circuits Conference}, 
title={{A 65nm Dual-Band 3-Stream 802.11n MIMO WLAN SoC}}, 
year={2011}, 
volume={}, 
number={}, 
pages={170-172}, 
month={Feb}
}

@misc{ath9k_driver,
title = {{Atheros ath9k Driver}},
howpublished = {\url{https://wireless.wiki.kernel.org/en/users/Drivers/ath9k}},
}

@misc{PicoScenes_URL,
title = {{PicoScenes}},
howpublished = {https://gitlab.com/wifisensing/},
}